%YAML 1.1
%TAG !u! tag:unity3d.com,2011:
--- !u!244 &-3059649527784083879
AudioMixerEffectController:
  m_ObjectHideFlags: 3
  m_CorrespondingSourceObject: {fileID: 0}
  m_PrefabInstance: {fileID: 0}
  m_PrefabAsset: {fileID: 0}
  m_Name: 
  m_EffectID: cc4be27faeae4354cb77a4afcca3c780
  m_EffectName: Attenuation
  m_MixLevel: 2e0a1495220329048b61e6964a2f2b86
  m_Parameters: []
  m_SendTarget: {fileID: 0}
  m_EnableWetMix: 0
  m_Bypass: 0
--- !u!243 &-1924467809353393407
AudioMixerGroupController:
  m_ObjectHideFlags: 0
  m_CorrespondingSourceObject: {fileID: 0}
  m_PrefabInstance: {fileID: 0}
  m_PrefabAsset: {fileID: 0}
  m_Name: Music
  m_AudioMixer: {fileID: 24100000}
  m_GroupID: 3efb759f8ef3ddd4d953419053475a49
  m_Children: []
  m_Volume: 3f8c8fab5d02b3046be0bae182745f35
  m_Pitch: b495d2229cd40514cac051e293fbf11f
  m_Send: 00000000000000000000000000000000
  m_Effects:
  - {fileID: -3059649527784083879}
  m_UserColorIndex: 0
  m_Mute: 0
  m_Solo: 0
  m_BypassEffects: 0
--- !u!241 &24100000
AudioMixerController:
  m_ObjectHideFlags: 0
  m_CorrespondingSourceObject: {fileID: 0}
  m_PrefabInstance: {fileID: 0}
  m_PrefabAsset: {fileID: 0}
  m_Name: Mixer
  m_OutputGroup: {fileID: 0}
  m_MasterGroup: {fileID: 24300002}
  m_Snapshots:
  - {fileID: 24500006}
  m_StartSnapshot: {fileID: 24500006}
  m_SuspendThreshold: -80
  m_EnableSuspend: 1
  m_UpdateMode: 0
  m_ExposedParameters:
  - guid: 838ae3770330a604b98e907c2f37a1b4
    name: AmbianceLevel
  - guid: ff466b46f06be294584e175f9c9fff69
    name: EffectsLevel
  - guid: 3f8c8fab5d02b3046be0bae182745f35
    name: MusicLevel
  m_AudioMixerGroupViews:
  - guids:
    - e1143587d74f0c643868555415f62991
    - 3efb759f8ef3ddd4d953419053475a49
    - aeedcd018ec919442913bdf442e59b8d
    - 8a62008c6fca3844a92dd3b493c987d0
    name: View
  m_CurrentViewIndex: 0
  m_TargetSnapshot: {fileID: 24500006}
--- !u!243 &24300002
AudioMixerGroupController:
  m_ObjectHideFlags: 0
  m_CorrespondingSourceObject: {fileID: 0}
  m_PrefabInstance: {fileID: 0}
  m_PrefabAsset: {fileID: 0}
  m_Name: Master
  m_AudioMixer: {fileID: 24100000}
  m_GroupID: e1143587d74f0c643868555415f62991
  m_Children:
  - {fileID: -1924467809353393407}
  - {fileID: 1711497279233579385}
  - {fileID: 4871986796470656912}
  m_Volume: 9ee8a275a52d19349aaba13b684d7bb4
  m_Pitch: f94f0fcd03551864ea99489e14efed4b
  m_Send: 00000000000000000000000000000000
  m_Effects:
  - {fileID: 24400004}
  m_UserColorIndex: 0
  m_Mute: 0
  m_Solo: 0
  m_BypassEffects: 0
--- !u!244 &24400004
AudioMixerEffectController:
  m_ObjectHideFlags: 3
  m_CorrespondingSourceObject: {fileID: 0}
  m_PrefabInstance: {fileID: 0}
  m_PrefabAsset: {fileID: 0}
  m_Name: 
  m_EffectID: 706c61c46a62cd54bbf98222dc5db8e4
  m_EffectName: Attenuation
  m_MixLevel: c3353bcb20a8dd145ab64680edea9cd1
  m_Parameters: []
  m_SendTarget: {fileID: 0}
  m_EnableWetMix: 0
  m_Bypass: 0
--- !u!245 &24500006
AudioMixerSnapshotController:
  m_ObjectHideFlags: 0
  m_CorrespondingSourceObject: {fileID: 0}
  m_PrefabInstance: {fileID: 0}
  m_PrefabAsset: {fileID: 0}
  m_Name: Snapshot
  m_AudioMixer: {fileID: 24100000}
  m_SnapshotID: e43223a757567c54285d3078f2a7128b
  m_FloatValues:
    838ae3770330a604b98e907c2f37a1b4: 0.04171297
    3f8c8fab5d02b3046be0bae182745f35: 0
  m_TransitionOverrides: {}
--- !u!244 &1289821967279340345
AudioMixerEffectController:
  m_ObjectHideFlags: 3
  m_CorrespondingSourceObject: {fileID: 0}
  m_PrefabInstance: {fileID: 0}
  m_PrefabAsset: {fileID: 0}
  m_Name: 
  m_EffectID: e17b953158bdf274690ba4df8f085a38
  m_EffectName: Attenuation
  m_MixLevel: c9f78bcfc7e453a41a9d9546e404e749
  m_Parameters: []
  m_SendTarget: {fileID: 0}
  m_EnableWetMix: 0
  m_Bypass: 0
--- !u!243 &1711497279233579385
AudioMixerGroupController:
  m_ObjectHideFlags: 0
  m_CorrespondingSourceObject: {fileID: 0}
  m_PrefabInstance: {fileID: 0}
  m_PrefabAsset: {fileID: 0}
  m_Name: Effects
  m_AudioMixer: {fileID: 24100000}
  m_GroupID: aeedcd018ec919442913bdf442e59b8d
  m_Children: []
  m_Volume: ff466b46f06be294584e175f9c9fff69
  m_Pitch: 3e2272a104854594ab62f4ae71fd5152
  m_Send: 00000000000000000000000000000000
  m_Effects:
  - {fileID: 1289821967279340345}
  m_UserColorIndex: 0
  m_Mute: 0
  m_Solo: 0
  m_BypassEffects: 0
--- !u!244 &4008134643267144694
AudioMixerEffectController:
  m_ObjectHideFlags: 3
  m_CorrespondingSourceObject: {fileID: 0}
  m_PrefabInstance: {fileID: 0}
  m_PrefabAsset: {fileID: 0}
  m_Name: 
  m_EffectID: c797cc06e7b572642add54cd4813bb91
  m_EffectName: Attenuation
  m_MixLevel: ef21fed2a49576046ba1cf82f2af57c2
  m_Parameters: []
  m_SendTarget: {fileID: 0}
  m_EnableWetMix: 0
  m_Bypass: 0
--- !u!243 &4871986796470656912
AudioMixerGroupController:
  m_ObjectHideFlags: 0
  m_CorrespondingSourceObject: {fileID: 0}
  m_PrefabInstance: {fileID: 0}
  m_PrefabAsset: {fileID: 0}
  m_Name: Ambiance
  m_AudioMixer: {fileID: 24100000}
  m_GroupID: 8a62008c6fca3844a92dd3b493c987d0
  m_Children: []
  m_Volume: 838ae3770330a604b98e907c2f37a1b4
  m_Pitch: ca7be84030392cf42a65082655797bf1
  m_Send: 00000000000000000000000000000000
  m_Effects:
  - {fileID: 4008134643267144694}
  m_UserColorIndex: 0
  m_Mute: 0
  m_Solo: 0
  m_BypassEffects: 0
